quarter,quarter,營業收入,營業成本,營業毛利,營業費用,推銷費用,管理費用,研究發展費用,營業利益,營業外收入及支出,稅前淨利,淨利,合併淨利,毛利率,所得稅費用,合併淨利率,母公司淨利,非母公司淨利,每股盈餘,現金及約當現金,應付帳款,應收帳款,存貨,流動資產,資產總計,合約負債,流動負債,負債總計,資本公積,法定盈餘公積,特別盈餘公積,保留盈餘,普通股股本,股本,普通股數,權益總計,負債及權益總計,現金CF,營業活動,折舊費用,攤銷費用,合約負債增減,融資活動,已付股利,投資活動,廠房及設備投資活動,淨現金流,淨值,現金股利,datetime,start,end,year,ns,每股盈餘_TTM,本益比平均數,本益比最大值,本益比最小值,淨值比平均數,淨值比最大值,淨值比最小值,open,high,low,close
2012Q1,2012Q1,105614831000.0,55210347000.0,50404484000.0,14915291000.0,1100435000.0,4657004000.0,9157852000.0,35117313000.0,555741000.0,35673054000.0,33382936000.0,31080988000.0,0.4772481622396385,2290118000.0,0.2942862068301752,33491634000.0,-108698000.0,1.29,143472277000.0,10530487000.0,45830288000.0,24840582000.0,224392169000.0,779550815000.0,0,122074950000.0,149622170000.0,55471662000.0,102399995000.0,6433874000.0,320464327000.0,259162226000.0,259162226000.0,25916222600.0,629928645000.0,,170819939000.0,56101634000.0,27477221000.0,528186000.0,0,20596856000.0,0.0,-47757582000.0,-48570613000.0,27347662000.0,24.30634489919839,-0.0,2012-01-01,2012-01-01,2012-03-31,2012,1325347200000000000,,,,,3.263161021137123,3.558741569690008,3.0691574693511514,83.7,86.5,74.6,75.0
2012Q2,2012Q2,128186331000.0,65579011000.0,62607320000.0,15538069000.0,1104741000.0,4364938000.0,10068390000.0,46872088000.0,-915157000.0,45956931000.0,41799616000.0,44248125000.0,0.4884087056052801,4157315000.0,0.3451859855478663,41843339000.0,-43723000.0,1.61,178440559000.0,14126994000.0,60610432000.0,30780466000.0,284584019000.0,890590164000.0,0,218355100000.0,262652910000.0,55596476000.0,115820123000.0,7606224000.0,318050632000.0,259207094000.0,259207094000.0,25920709400.0,627937254000.0,,178440559000.0,68667099000.0,31900131000.0,560700000.0,0,-4508096000.0,0.0,-57279337000.0,-59467478000.0,7620620000.0,24.22531128719803,-0.0,2012-04-01,2012-04-01,2012-06-30,2012,1333209600000000000,,,,,3.4083464600055535,3.7068667120680177,3.1413425032113156,79.6,89.8,76.1,85.1
2012Q3,2012Q3,141499253000.0,72344501000.0,69154752000.0,16370354000.0,1234982000.0,4478517000.0,10656855000.0,52797978000.0,964363000.0,53762341000.0,49422294000.0,47121878000.0,0.488728742617461,4340047000.0,0.333018563709308,49379633000.0,42661000.0,1.9,138738113000.0,13773108000.0,64386937000.0,33249045000.0,249575097000.0,885771436000.0,0,125952667000.0,210684119000.0,55630425000.0,115820123000.0,7606224000.0,367430265000.0,259220476000.0,259220476000.0,25922047600.0,675087317000.0,,138738113000.0,75395863000.0,34124335000.0,553718000.0,0,-39313949000.0,-77748668000.0,-74510237000.0,-78333589000.0,-39702446000.0,26.04297806319899,2.999325871155333,2012-07-01,2012-07-01,2012-09-30,2012,1341072000000000000,,,,,3.1375420008307238,3.4481463595323327,2.833777297700291,88.6,89.8,73.8,83.3
2012Q4,2012Q4,131444819000.0,69449239000.0,61995580000.0,15687161000.0,1055828000.0,4131235000.0,10500098000.0,46389489000.0,-105359000.0,46284130000.0,41518956000.0,47925443000.0,0.4716471936410061,4765174000.0,0.3646050362776185,41603680000.0,-84724000.0,1.6199999999999992,143410588000.0,14490429000.0,57777586000.0,37830498000.0,250325436000.0,961354508000.0,0,148473947000.0,238260602000.0,55675340000.0,115820123000.0,7606224000.0,408411468000.0,259244357000.0,259244357000.0,25924435700.0,723093906000.0,,143410588000.0,84798564000.0,35666827000.0,538171000.0,0,9636374000.0,0.0,-89770551000.0,-59765681000.0,4672475000.0,27.89236820302322,-0.0,2012-10-01,2012-10-01,2012-12-31,2012,1349020800000000000,6.419999999999999,14.34867002156722,15.48286604361371,13.161993769470406,3.3026403806212814,3.5636988324722516,3.029502528610717,96.8,99.4,84.5,88.9
2013Q1,2013Q1,132754996000.0,71988726000.0,60766270000.0,16376304000.0,1029799000.0,4695520000.0,10650985000.0,44428009000.0,1319905000.0,45747914000.0,39535543000.0,45443350000.0,0.4577324532479365,6212371000.0,0.342309904479979,39576876000.0,-41333000.0,1.53,186028798000.0,12462978000.0,65472529000.0,37833465000.0,297751192000.0,1061629726000.0,0,158206324000.0,292980641000.0,55762572000.0,115820123000.0,7606224000.0,447988344000.0,259282327000.0,259282327000.0,25928232700.0,768649085000.0,,186028798000.0,73569672000.0,35964677000.0,531513000.0,0,44939320000.0,0.0,-77032913000.0,-80418491000.0,42618210000.0,29.64525557501649,-0.0,2013-01-01,2013-01-01,2013-03-31,2013,1356969600000000000,6.659999999999999,15.316655941655942,16.441441441441444,14.57957957957958,3.4409866466928523,3.6936770446425506,3.275397635020928,100.0,109.5,97.1,99.6
2013Q2,2013Q2,155886320000.0,79467520000.0,76418800000.0,18792134000.0,1164693000.0,5685570000.0,11941871000.0,57629082000.0,2387597000.0,60016679000.0,51761503000.0,57411414000.0,0.4902213356502354,8255176000.0,0.3682902643413482,51807725000.0,-46222000.0,2.0,225832646000.0,14391539000.0,79742708000.0,38614928000.0,352462353000.0,1169885454000.0,0,243631467000.0,423649183000.0,55828587000.0,132436003000.0,2785741000.0,422022762000.0,259283058000.0,259283058000.0,25928305800.0,746236271000.0,,225832646000.0,75238656000.0,37554564000.0,540077000.0,0,41089778000.0,0.0,-76631485000.0,-78400393000.0,39803848000.0,28.780757090577048,-0.0,2013-04-01,2013-04-01,2013-06-30,2013,1364745600000000000,7.049999999999999,15.207766538774566,16.524822695035464,13.829787234042556,3.725223549920556,4.047843482134896,3.387680167451952,106.0,116.5,97.5,101.0
2013Q3,2013Q3,162577034000.0,83636464000.0,78940570000.0,19260232000.0,1164881000.0,4738276000.0,13357075000.0,59618054000.0,-268170000.0,59349884000.0,51934752000.0,57927783000.0,0.4855579417201079,7415132000.0,0.3563097540578825,51951943000.0,-17191000.0,2.0,216603697000.0,13478598000.0,78844389000.0,36916527000.0,338210837000.0,1177540215000.0,0,148284188000.0,373365454000.0,55841716000.0,132436003000.0,2785741000.0,473974705000.0,259283910000.0,259283910000.0,25928391000.0,804174761000.0,,216603697000.0,95802107000.0,39881540000.0,557892000.0,0,-51498796000.0,-77773307000.0,-52322295000.0,-54821117000.0,-9228949000.0,31.01522038139582,2.9995423549421174,2013-07-01,2013-07-01,2013-09-30,2013,1372608000000000000,7.1499999999999995,14.247377622377623,15.384615384615385,12.993006993006995,3.2844760974552027,3.5466457644770575,2.995303559271988,100.5,110.0,92.9,108.0
2013Q4,2013Q4,145805847000.0,80965110000.0,64840737000.0,17134564000.0,1157152000.0,3809178000.0,12168234000.0,47754218000.0,2618427000.0,50372645000.0,44787139000.0,43588638000.0,0.4447060137444282,5585506000.0,0.298949863101169,44810246000.0,-23107000.0,1.7299999999999995,242695447000.0,14670260000.0,71649926000.0,37494893000.0,358486654000.0,1263054977000.0,0,189777934000.0,415279892000.0,55858626000.0,132436003000.0,2785741000.0,518193152000.0,259286171000.0,259286171000.0,25928617100.0,847775085000.0,,242695447000.0,102773102000.0,40579066000.0,572540000.0,0,-2424377000.0,0.0,-75067522000.0,-73954772000.0,26091750000.0,32.69650215938435,-0.0,2013-10-01,2013-10-01,2013-12-31,2013,1380556800000000000,7.26,14.482941301123121,15.358126721763085,13.774104683195592,3.2158226997371773,3.4101507083686,3.058431128581704,105.5,111.5,100.0,101.5
2014Q1,2014Q1,148215172000.0,77839185000.0,70375987000.0,17876649000.0,1152780000.0,4655977000.0,12067892000.0,52517614000.0,779711000.0,53297325000.0,47841830000.0,50255975000.0,0.474823097057837,5455495000.0,0.3390744302479371,47866793000.0,-24963000.0,1.85,242695447000.0,14670260000.0,71649926000.0,37494893000.0,358486654000.0,1262965353000.0,0,189777934000.0,414491629000.0,55858626000.0,132436003000.0,2785741000.0,518891912000.0,259286171000.0,259286171000.0,25928617100.0,848473724000.0,1262965353000.0,231697295000.0,94860941000.0,40985942000.0,636435000.0,0,7950224000.0,0.0,-115859592000.0,-114905317000.0,-10998152000.0,32.723446866744005,-0.0,2014-01-01,2014-01-01,2014-03-31,2014,1388505600000000000,7.58,14.305738786279681,15.633245382585752,13.258575197889183,3.3137554378540193,3.6212566629228933,3.0711923596940993,118.0,118.5,100.5,104.5
2014Q2,2014Q2,183020484000.0,91826284000.0,91194200000.0,20253408000.0,1234897000.0,5408174000.0,13610337000.0,70709172000.0,3384400000.0,74093572000.0,59655879000.0,56557228000.0,0.4982731878252491,14437693000.0,0.3090213005884084,59698303000.0,-42424000.0,2.3,255053573000.0,20015515000.0,86424428000.0,50954265000.0,459199555000.0,1344956710000.0,0,246635077000.0,467305703000.0,56026837000.0,151250682000.0,0.0,548671157000.0,259293750000.0,259293750000.0,25929375000.0,877651007000.0,1344956710000.0,255053573000.0,81748863000.0,45352501000.0,626613000.0,0,10346753000.0,0.0,-66494559000.0,-73328005000.0,23356278000.0,33.84775016752236,-0.0,2014-04-01,2014-04-01,2014-06-30,2014,1396281600000000000,7.879999999999999,15.427992467660063,16.116751269035536,14.720812182741119,3.5917477540889187,3.752095763276438,3.4271110908666675,126.0,127.0,116.0,119.5
2014Q3,2014Q3,209049734000.0,103471256000.0,105578478000.0,21142734000.0,1323259000.0,4612193000.0,15207282000.0,84427238000.0,949406000.0,85376644000.0,76300627000.0,79680984000.0,0.5050400016294687,9076017000.0,0.3811580262522601,76331255000.0,-30628000.0,2.94,225884318000.0,20418733000.0,113999433000.0,65336989000.0,476230199000.0,1349907550000.0,0,172248167000.0,392662565000.0,55944799000.0,151250682000.0,0.0,625002412000.0,259293750000.0,259293750000.0,25929375000.0,957244985000.0,1349907550000.0,225884318000.0,91245080000.0,55581376000.0,651191000.0,0,-78261300000.0,-77785851000.0,-44625139000.0,-47881708000.0,-29169255000.0,36.91739523224143,2.9999123002386288,2014-07-01,2014-07-01,2014-09-30,2014,1404144000000000000,8.82,14.224596088435373,15.64625850340136,13.492063492063492,3.3984233370405823,3.7380752117494764,3.223412682595563,120.0,138.0,119.0,128.0
2014Q4,2014Q4,222521075000.0,111976280000.0,110544795000.0,21576779000.0,1376484000.0,4256991000.0,15943304000.0,88216285000.0,1094531000.0,89310816000.0,79965622000.0,89074792000.0,0.4967834844407434,9345194000.0,0.4002982279318936,79985420000.0,-19798000.0,3.09,358449029000.0,21878934000.0,114734743000.0,66337971000.0,626565639000.0,1495049086000.0,0,201013629000.0,448720754000.0,55989922000.0,151250682000.0,0.0,705165274000.0,259296624000.0,259296624000.0,25929662400.0,1046328332000.0,1495049086000.0,358449029000.0,153668847000.0,55725367000.0,692110000.0,0,27636039000.0,0.0,-55441267000.0,-52424998000.0,132646189000.0,40.35256286252304,-0.0,2014-10-01,2014-10-01,2014-12-31,2014,1412092800000000000,10.18,13.01943799488004,13.94891944990177,11.591355599214145,3.284497176534276,3.518983428234265,2.9242256657157975,139.0,142.0,118.0,121.5
2015Q1,2015Q1,222034144000.0,112585333000.0,109448811000.0,22538512000.0,1390996000.0,4366053000.0,16781463000.0,86626123000.0,1632857000.0,88258980000.0,78983908000.0,77338325000.0,0.4929368475868288,9275072000.0,0.3483172615109143,78989911000.0,-6003000.0,3.05,437412411000.0,18595310000.0,98529745000.0,64599666000.0,690493692000.0,1556895055000.0,0,187565145000.0,432979302000.0,56274436000.0,151250682000.0,0.0,784155185000.0,259303020000.0,259303020000.0,25930302000.0,1123915753000.0,1556895055000.0,437412411000.0,156000661000.0,54706227000.0,771769000.0,0,-18171589000.0,0.0,-57168005000.0,-48875682000.0,78881904000.0,43.343720138701045,-0.0,2015-01-01,2015-01-01,2015-03-31,2015,1420041600000000000,11.379999999999999,12.69372104169995,13.620386643233745,11.423550087873464,3.3327675841456865,3.5760659099864047,2.999281085795049,144.0,155.0,130.0,139.5
2015Q2,2015Q2,205439752000.0,105735807000.0,99703945000.0,22555212000.0,1479419000.0,4463580000.0,16612213000.0,77069058000.0,21062625000.0,98131683000.0,79412904000.0,59153523000.0,0.4853196327846034,18718779000.0,0.2879361098527805,79417514000.0,-4610000.0,3.06,528895107000.0,19773550000.0,98992354000.0,66278597000.0,731368790000.0,1608853066000.0,0,309379741000.0,542225511000.0,56532959000.0,177640561000.0,0.0,746889218000.0,259303805000.0,259303805000.0,25930380500.0,1066627555000.0,1608853066000.0,528895107000.0,111067152000.0,53838569000.0,784538000.0,0,-13402541000.0,0.0,-4110126000.0,-53813974000.0,91482696000.0,41.13428088723958,-0.0,2015-04-01,2015-04-01,2015-06-30,2015,1427817600000000000,12.139999999999999,11.943986820428337,12.644151565074136,11.367380560131798,3.5250403525343006,3.731680649062174,3.3548659906878178,139.0,153.5,138.0,144.0
2015Q3,2015Q3,212504909000.0,110188424000.0,102316485000.0,22160164000.0,1377131000.0,4296668000.0,16486365000.0,78388924000.0,5005695000.0,83394619000.0,75317300000.0,84601615000.0,0.4814782184631791,8077319000.0,0.3981160501096942,75329224000.0,-11924000.0,2.91,515731398000.0,18057750000.0,96611632000.0,65066214000.0,693661496000.0,1576218810000.0,0,201689370000.0,425223866000.0,56298728000.0,177640561000.0,0.0,822218442000.0,259303805000.0,259303805000.0,25930380500.0,1150994944000.0,1576218810000.0,515731398000.0,118139439000.0,55339629000.0,809013000.0,0,-90475814000.0,-116683481000.0,-54787521000.0,-70303688000.0,-13163709000.0,44.38789257257525,4.499875387482263,2015-07-01,2015-07-01,2015-09-30,2015,1435680000000000000,12.11,10.828647451273381,11.767134599504542,9.289843104872007,2.954294809570244,3.2103348850592344,2.5344749092572902,128.0,142.5,112.5,141.0
2015Q4,2015Q4,203518563000.0,104608037000.0,98910526000.0,21212612000.0,1417138000.0,4130936000.0,15664538000.0,77963670000.0,2679959000.0,80643629000.0,72842055000.0,70748522000.0,0.4860024783095584,7801574000.0,0.3476268747042991,72837188000.0,4867000.0,2.8000000000000007,562688930000.0,18575286000.0,85059675000.0,67052270000.0,746743991000.0,1657518298000.0,0,212228594000.0,434883819000.0,56300215000.0,177640561000.0,0.0,894293586000.0,259303805000.0,259303805000.0,25930380500.0,1222634479000.0,1657518298000.0,562688930000.0,144672186000.0,55418944000.0,836880000.0,0,5315915000.0,0.0,-101180185000.0,-84523491000.0,46957532000.0,47.15065708349324,-0.0,2015-10-01,2015-10-01,2015-12-31,2015,1443628800000000000,11.82,11.805284394116882,12.267343485617596,10.956006768189509,2.9594171146198494,3.0752487657433387,2.7465152769914645,142.0,145.0,129.5,133.5
2016Q1,2016Q1,203495361000.0,112124894000.0,91370467000.0,20878997000.0,1415099000.0,3844935000.0,15618963000.0,70467314000.0,1788585000.0,72255899000.0,64792597000.0,58294435000.0,0.4490051593854269,7463302000.0,0.2864656703402688,64781493000.0,11104000.0,2.5,617984318000.0,18513952000.0,96273270000.0,57242320000.0,812491107000.0,1726525636000.0,0,235893223000.0,445579560000.0,56317375000.0,177640561000.0,,959075079000.0,259303805000.0,259303805000.0,25930380500.0,1280946076000.0,1726525636000.0,617984318000.0,121528853000.0,54950729000.0,896332000.0,0,-4806832000.0,0.0,-55347367000.0,-38141373000.0,55295388000.0,49.39943229911339,-0.0,2016-01-01,2016-01-01,2016-03-31,2016,1451577600000000000,11.27,13.066828562088451,14.463176574977817,11.579414374445431,2.9810698431321825,3.299633060822148,2.641730763418959,162.0,163.0,130.5,139.5
2016Q2,2016Q2,221809846000.0,107468601000.0,114341245000.0,23007640000.0,1436902000.0,4667198000.0,16903540000.0,91321001000.0,2085390000.0,93406391000.0,72528279000.0,72137466000.0,0.5154921977629433,20878112000.0,0.3252221093918437,72506321000.0,21958000.0,2.8,622359302000.0,22117148000.0,111300187000.0,60705814000.0,852525071000.0,1804491560000.0,0,398739054000.0,607160582000.0,56263141000.0,208297945000.0,,875999117000.0,259303805000.0,259303805000.0,25930380500.0,1197330978000.0,1804491560000.0,622359302000.0,106676391000.0,54402163000.0,872825000.0,0,-8103045000.0,0.0,-94706274000.0,-73585679000.0,4374984000.0,46.17483256753599,-0.0,2016-04-01,2016-04-01,2016-06-30,2016,1459440000000000000,11.010000000000002,14.160748053185628,15.077202543142596,12.988192552225248,3.376511129467286,3.5950319853830757,3.096925144034818,161.0,166.0,143.0,158.5
2016Q3,2016Q3,260405885000.0,128366813000.0,132039072000.0,25840588000.0,1531454000.0,5584814000.0,18724320000.0,106262122000.0,1987493000.0,108249615000.0,96789113000.0,86678948000.0,0.5070510292038907,11460502000.0,0.3328609412955471,96759056000.0,30057000.0,3.73,463971657000.0,24936790000.0,129118058000.0,53882144000.0,709591485000.0,1718686763000.0,0,257555112000.0,434794114000.0,56269958000.0,208297945000.0,,972758173000.0,259303805000.0,259303805000.0,25930380500.0,1283892649000.0,1718686763000.0,463971657000.0,126409559000.0,55312427000.0,956367000.0,0,-169191709000.0,-155582283000.0,-106884722000.0,-103775451000.0,-158387645000.0,49.51306630459973,6.0,2016-07-01,2016-07-01,2016-09-30,2016,1467302400000000000,11.830000000000002,14.816077223025111,15.849535080304308,13.567202028740487,3.5399583711927014,3.7868791814774228,3.241568579344674,185.5,187.5,160.5,166.0
2016Q4,2016Q4,262227252000.0,125116865000.0,137110387000.0,27176908000.0,1517382000.0,5698646000.0,19960880000.0,109907341000.0,2140134000.0,112047475000.0,100228247000.0,106160198000.0,0.5228685651634712,11819228000.0,0.4048404473231485,100200310000.0,27937000.0,3.860000000000001,541253833000.0,26062351000.0,128335271000.0,48682233000.0,817729126000.0,1886455302000.0,0,318239273000.0,496404176000.0,56272304000.0,208297945000.0,,1072008169000.0,259303805000.0,259303805000.0,25930380500.0,1390051126000.0,1886455302000.0,541253833000.0,185219789000.0,55419679000.0,1017882000.0,0,24301389000.0,0.0,-138501317000.0,-112542767000.0,77282176000.0,53.60704699261933,-0.0,2016-10-01,2016-10-01,2016-12-31,2016,1475251200000000000,12.89,14.329785686578742,14.972847168347556,13.809154383242824,3.445646568172859,3.60027292729951,3.320458969219237,181.0,193.0,178.0,186.0
2017Q1,2017Q1,233914400000.0,112428734000.0,121485666000.0,26156483000.0,1496487000.0,5247603000.0,19412393000.0,95352390000.0,2470109000.0,97822499000.0,87620908000.0,66268587000.0,0.5193595007404418,10201591000.0,0.2833027252704408,87628898000.0,-7990000.0,3.38,564725266000.0,23081567000.0,108532829000.0,50389022000.0,825661833000.0,1934663761000.0,0,321580524000.0,478353736000.0,56282118000.0,208297945000.0,,1159637067000.0,259303805000.0,259303805000.0,25930380500.0,1456310025000.0,1934663761000.0,564725266000.0,161008044000.0,59133361000.0,1038824000.0,0,-11909919000.0,0.0,-109230259000.0,-102505595000.0,23471433000.0,56.16230833943991,-0.0,2017-01-01,2017-01-01,2017-03-31,2017,1483200000000000000,13.770000000000001,13.55349157206742,14.161220043572984,12.999273783587508,3.3230752877781318,3.4720795096497397,3.1871909344989917,191.0,195.0,179.0,183.0
2017Q2,2017Q2,213855212000.0,105101969000.0,108753243000.0,25366814000.0,1382199000.0,4927159000.0,19057456000.0,83255401000.0,2862066000.0,86117467000.0,66270652000.0,67680888000.0,0.5085367898351713,19846815000.0,0.3164799556065998,66271019000.0,-367000.0,2.56,570466958000.0,24509899000.0,109893282000.0,61010525000.0,838049552000.0,1986433777000.0,0,523507145000.0,644068132000.0,56282780000.0,241722663000.0,,1044395423000.0,259303805000.0,259303805000.0,25930380500.0,1342365645000.0,1986433777000.0,570466958000.0,103400380000.0,56965755000.0,1026635000.0,0,-638888000.0,0.0,-98219755000.0,-105188462000.0,5741692000.0,51.76806584076157,-0.0,2017-04-01,2017-04-01,2017-06-30,2017,1490976000000000000,13.530000000000001,14.970375486169164,16.14929785661493,13.784183296378417,3.9126279307190956,4.220748765698634,3.602607070035676,206.5,218.5,186.5,193.0
2017Q3,2017Q3,252107345000.0,126230664000.0,125876681000.0,27536716000.0,1487598000.0,5003679000.0,21045439000.0,98056433000.0,2461731000.0,100518164000.0,89949228000.0,89045314000.0,0.4992979518307965,10568936000.0,0.3532039655568147,89925437000.0,23791000.0,3.47,408077695000.0,27545477000.0,117649258000.0,73893879000.0,704861778000.0,1841424382000.0,0,298522304000.0,410011693000.0,56281271000.0,241722663000.0,0.0,1134320860000.0,259303805000.0,259303805000.0,25930380500.0,1431412689000.0,1841424382000.0,408077695000.0,116783434000.0,70032828000.0,1131834000.0,0,-212792956000.0,-181512663000.0,-65662683000.0,-61714051000.0,-162389263000.0,55.20214749644727,6.999999980717599,2017-07-01,2017-07-01,2017-09-30,2017,1498838400000000000,13.27,16.184832499828733,16.80482290881688,15.486058779201207,3.890658914792215,4.039697912374731,3.7226812600583283,218.0,223.0,205.5,209.0
2017Q4,2017Q4,277570284000.0,138854919000.0,138715365000.0,28841655000.0,1606204000.0,6018276000.0,21217175000.0,108894999000.0,2779901000.0,111674900000.0,99306060000.0,91330428000.0,0.4997486150210517,12368840000.0,0.3290353228157521,99286122000.0,19938000.0,3.82,553391696000.0,28412807000.0,121133248000.0,73880747000.0,857203110000.0,1991861643000.0,0,358706680000.0,469102000000.0,56309536000.0,241722663000.0,0.0,1233362010000.0,259303805000.0,259303805000.0,25930380500.0,1522759643000.0,1991861643000.0,553391696000.0,204126309000.0,69664018000.0,1149443000.0,0,9644134000.0,0.0,-63052206000.0,-61180080000.0,145314001000.0,58.72492472680839,-0.0,2017-10-01,2017-10-01,2017-12-31,2017,1506787200000000000,13.23,17.693170458147414,18.51851851851852,16.515495086923657,3.986052706755206,4.17199342765876,3.7207369956875063,227.5,245.0,218.5,220.5
2018Q1,2018Q1,248078671000.0,123103977000.0,124974694000.0,26728394000.0,1448092000.0,4851708000.0,20428594000.0,96826946000.0,3116675000.0,99943621000.0,89787574000.0,82601369000.0,0.5037704107984358,10156047000.0,0.3329644127285735,89784622000.0,2952000.0,3.46,577782963000.0,27817670000.0,106601372000.0,85215899000.0,929116660000.0,2049155806000.0,0,342235242000.0,442550777000.0,56305751000.0,241722663000.0,0.0,1324689900000.0,259303805000.0,259303805000.0,25930380500.0,1606605029000.0,2049155806000.0,577782963000.0,160725918000.0,70462286000.0,1035591000.0,0,-57627226000.0,0.0,-73459190000.0,-71847185000.0,24391267000.0,61.95840546959965,-0.0,2018-01-01,2018-01-01,2018-03-31,2018,1514736000000000000,13.31,18.584030674369803,19.984973703981968,17.167543200601052,3.992250065202661,4.293202802491663,3.687958046501297,247.5,266.0,228.5,232.5
2018Q2,2018Q2,233276811000.0,121688707000.0,111588104000.0,26440124000.0,1477977000.0,5070594000.0,19891553000.0,84428146000.0,3159462000.0,87587608000.0,72293375000.0,91549050000.0,0.4783506063961068,15294233000.0,0.3924481375047604,72290539000.0,2836000.0,2.79,632229880000.0,29711846000.0,87096847000.0,99032077000.0,959042679000.0,2053412954000.0,0,462997164000.0,562777669000.0,56307720000.0,276033811000.0,26907527000.0,1189470511000.0,259303805000.0,259303805000.0,25930380500.0,1490635285000.0,2053412954000.0,632229880000.0,129773360000.0,70351470000.0,1057214000.0,0,-29346300000.0,0.0,-60075599000.0,-59681160000.0,54446917000.0,57.48605520848412,-0.0,2018-04-01,2018-04-01,2018-06-30,2018,1522512000000000000,13.54,16.925160019694733,18.389955686853767,15.5096011816839,3.9864740385394364,4.331485246238485,3.653059846225229,212.0,249.0,210.0,246.5
2018Q3,2018Q3,260347882000.0,136967039000.0,123380843000.0,28128452000.0,1585523000.0,4656730000.0,21886199000.0,95245181000.0,3651761000.0,98896942000.0,89098072000.0,85217066000.0,0.4739076118161007,9798870000.0,0.3273199894900623,89071628000.0,26444000.0,3.44,488732121000.0,28733773000.0,127782905000.0,105336576000.0,859223705000.0,1969888788000.0,0,321630202000.0,394058787000.0,56311659000.0,276033811000.0,26907527000.0,1277737659000.0,259303805000.0,259303805000.0,25930380500.0,1575830001000.0,1969888788000.0,488732121000.0,94082482000.0,72505194000.0,1104623000.0,0,-172434686000.0,-207443044000.0,-63473163000.0,-69948626000.0,-143497759000.0,60.77157259609052,8.0,2018-07-01,2018-07-01,2018-09-30,2018,1530374400000000000,13.510000000000002,18.06358715766099,19.837157660991856,15.766099185788303,4.015677924314554,4.409956638463568,3.504928223853507,266.0,268.0,213.0,214.0
2018Q4,2018Q4,289770193000.0,151727793000.0,138042400000.0,30852310000.0,1476236000.0,5686851000.0,23689223000.0,107123251000.0,3958841000.0,111082092000.0,100005385000.0,101653897000.0,0.4763857820255515,11076707000.0,0.3508086734096906,99984095000.0,21290000.0,3.85,577814601000.0,32980933000.0,128613391000.0,103230976000.0,951679721000.0,2090128038000.0,0,340542586000.0,412631642000.0,56315932000.0,276033811000.0,26907527000.0,1376647841000.0,259303805000.0,259303805000.0,25930380500.0,1677496396000.0,2090128038000.0,577814601000.0,189372548000.0,74805947000.0,1223977000.0,0,14283421000.0,0.0,-117260956000.0,-114104910000.0,89082480000.0,64.69231702943965,-0.0,2018-10-01,2018-10-01,2018-12-31,2018,1538323200000000000,13.540000000000001,16.97079877286672,19.49778434268833,15.805022156573116,3.551961437399852,4.080855534666675,3.307966228858593,223.5,264.0,214.0,263.0
2019Q1,2019Q1,218704469000.0,128352344000.0,90352125000.0,26018013000.0,1459973000.0,4140729000.0,20417311000.0,64266023000.0,3915629000.0,68181652000.0,61387310000.0,66003296000.0,0.4131242741089118,6794342000.0,0.3017921686822046,61393851000.0,-6541000.0,2.37,645670527000.0,27100909000.0,106431149000.0,108682382000.0,991324815000.0,2187436785000.0,0,378267634000.0,443919183000.0,56320688000.0,276033811000.0,26907527000.0,1437946154000.0,259303805000.0,259303805000.0,25930380500.0,1743517602000.0,2187436785000.0,645670527000.0,152670278000.0,76192468000.0,1355336000.0,0,-22412645000.0,0.0,-64188473000.0,-75942118000.0,67855926000.0,67.23841179268464,-0.0,2019-01-01,2019-01-01,2019-03-31,2019,1546272000000000000,12.45,18.443403242600034,19.95983935742972,16.586345381526105,3.415017759169506,3.6958041300290816,3.0711611784748705,243.0,248.5,206.5,219.5
2019Q2,2019Q2,240998475000.0,137325245000.0,103673230000.0,27164995000.0,1483004000.0,4288263000.0,21393728000.0,76304053000.0,4241387000.0,80545440000.0,66775851000.0,70301871000.0,0.4301820997000085,13769589000.0,0.2917108541869403,66764850000.0,11001000.0,2.57,649697262000.0,31802685000.0,115725802000.0,108231879000.0,1010179338000.0,2239343671000.0,0,622256378000.0,684922144000.0,56320929000.0,311146899000.0,10724130000.0,1245575785000.0,259303805000.0,259303805000.0,25930380500.0,1554421527000.0,2239343671000.0,649697262000.0,117761028000.0,73704580000.0,1343770000.0,0,-930502000.0,0.0,-114717951000.0,-116352668000.0,4026735000.0,59.94595902671,-0.0,2019-04-01,2019-04-01,2019-06-30,2019,1554048000000000000,12.23,20.21902604452904,22.076860179885525,18.560915780866722,4.125026816476666,4.5040567268211795,3.786743988845955,241.5,270.0,227.0,245.5
2019Q3,2019Q3,293045439000.0,153613278000.0,139432161000.0,31378953000.0,1596829000.0,5810048000.0,23972076000.0,107887292000.0,4448979000.0,112336271000.0,101102454000.0,97877579000.0,0.4758038940165863,11233817000.0,0.3340013730771629,101069886000.0,32568000.0,3.9,452430300000.0,35320208000.0,144240857000.0,96685730000.0,849427436000.0,2134234450000.0,0,494781125000.0,546737449000.0,56320929000.0,311146899000.0,7385940000.0,1281906438000.0,259303805000.0,259303805000.0,25930380500.0,1587497001000.0,2134234450000.0,452430300000.0,141753021000.0,65377476000.0,1378826000.0,0,-229112243000.0,-207443044000.0,-108290117000.0,-98117825000.0,-197266962000.0,61.22150814562864,8.0,2019-07-01,2019-07-01,2019-09-30,2019,1561910400000000000,12.69,20.169612368193924,21.473601260835306,18.912529550827426,4.180759159730967,4.451050100755435,3.9201909144268043,271.5,272.5,240.0,248.5
2019Q4,2019Q4,317237065000.0,157996080000.0,159240985000.0,34942621000.0,1808820000.0,7498170000.0,25635631000.0,124243722000.0,4538251000.0,128781973000.0,116078194000.0,99337501000.0,0.5019621052161732,12703779000.0,0.3131333376823417,116035081000.0,43113000.0,4.48,455399336000.0,38771066000.0,138908589000.0,82981196000.0,822613914000.0,2264805032000.0,0,590735701000.0,642709606000.0,56339709000.0,311146899000.0,10675106000.0,1333334979000.0,259303805000.0,259303805000.0,25930380500.0,1622095426000.0,2264805032000.0,455399336000.0,202954417000.0,66137308000.0,1394477000.0,0,-17182776000.0,-51860761000.0,-171605106000.0,-170009539000.0,2969036000.0,62.555789568918975,2.0,2019-10-01,2019-10-01,2019-12-31,2019,1569859200000000000,13.32,23.145411036036037,25.9009009009009,20.495495495495494,4.92835079094227,5.515077059652593,4.3641044558990085,331.0,345.0,273.0,280.0
2020Q1,2020Q1,310597183000.0,149813002000.0,160784181000.0,32323046000.0,1451102000.0,5903061000.0,24968883000.0,128521637000.0,3625541000.0,132147178000.0,117062893000.0,119710811000.0,0.517661427083838,15084285000.0,0.3854214318485947,116986720000.0,76173000.0,4.51,430777229000.0,38283035000.0,145992744000.0,78277834000.0,802470040000.0,2343295696000.0,0,589468059000.0,666267165000.0,56339785000.0,311146899000.0,27568179000.0,1385495748000.0,259303805000.0,259303805000.0,25930380500.0,1677028531000.0,2343295696000.0,430777229000.0,203029442000.0,67083741000.0,1470736000.0,0,-40757411000.0,-64825951000.0,-188993268000.0,-192559626000.0,-24622107000.0,64.6742739081673,2.4999999903588,2020-01-01,2020-01-01,2020-03-31,2020,1577808000000000000,15.46,20.22731472925522,22.38033635187581,15.232858990944372,4.8352191190938925,5.3498861153245345,3.6413242201125082,273.0,346.0,235.5,339.0
2020Q2,2020Q2,310698367000.0,146005542000.0,164692825000.0,33520709000.0,1733261000.0,6894405000.0,24893043000.0,131094538000.0,5304100000.0,136398638000.0,120892514000.0,109009028000.0,0.5300730306059188,15506124000.0,0.3508516283897945,120822193000.0,70321000.0,4.66,467613443000.0,38100739000.0,148708055000.0,85788094000.0,860031580000.0,2448664522000.0,0,614795728000.0,727451140000.0,56339981000.0,311146899000.0,24873338000.0,1441491990000.0,259303805000.0,259303805000.0,25930380500.0,1721213382000.0,2448664522000.0,467613443000.0,170334959000.0,68981568000.0,1893684000.0,0,5912053000.0,-64825951000.0,-129750164000.0,-126698477000.0,36836214000.0,66.37825395581835,2.4999999903588,2020-04-01,2020-04-01,2020-06-30,2020,1585670400000000000,17.55,17.043684710351375,18.63247863247863,15.384615384615383,4.506244874500014,4.926312165692888,4.067597201030825,313.5,327.0,270.0,271.5
2020Q3,2020Q3,356426204000.0,165945534000.0,190480670000.0,40891355000.0,1935049000.0,9272555000.0,29683751000.0,150047349000.0,5076654000.0,155124003000.0,137378151000.0,131942749000.0,0.5344182550618528,17745852000.0,0.3701825160980588,137310040000.0,68111000.0,5.3,604195113000.0,38909171000.0,161700332000.0,109509486000.0,1029673918000.0,2635572214000.0,0,588241723000.0,847305839000.0,56339982000.0,311146899000.0,36757795000.0,1513976388000.0,259303805000.0,259303805000.0,25930380500.0,1788266375000.0,2635572214000.0,604195113000.0,190171227000.0,92824937000.0,1908139000.0,0,47434066000.0,-64825951000.0,-96079669000.0,-99305608000.0,136581670000.0,68.96413938083168,2.4999999903588,2020-07-01,2020-07-01,2020-09-30,2020,1593532800000000000,18.95,21.690253458063488,24.61741424802111,16.56992084432718,5.9600584698160874,6.7643851455016035,4.553090966103974,430.5,466.5,314.0,317.5
2020Q4,2020Q4,361533057000.0,166360613000.0,195172444000.0,38321439000.0,1993455000.0,6387572000.0,29940412000.0,157120174000.0,3987187000.0,161107361000.0,142824524000.0,127173692000.0,0.5398467449132874,18282837000.0,0.3517622788225421,142766434000.0,58090000.0,5.5,660170647000.0,38987284000.0,145480272000.0,137353407000.0,1092185308000.0,2760711405000.0,0,617151048000.0,910089406000.0,56347243000.0,311146899000.0,42259146000.0,1588686081000.0,259303805000.0,259303805000.0,25930380500.0,1850621999000.0,2760711405000.0,660170647000.0,259130584000.0,95648197000.0,1913689000.0,0,-101203795000.0,-64825952000.0,-90958613000.0,-88675011000.0,55975534000.0,71.36887169858537,2.5000000289236017,2020-10-01,2020-10-01,2020-12-31,2020,1601481600000000000,19.97,23.98955576221475,26.53980971457186,21.432148222333502,6.712610374375925,7.426206795567224,5.99701228019391,526.0,530.0,428.0,432.5
2021Q1,2021Q1,362410230000.0,172570800000.0,189839430000.0,39111833000.0,1831230000.0,6524245000.0,30756358000.0,150538190000.0,4526199000.0,155064389000.0,139738749000.0,145705759000.0,0.5238246999815651,15325640000.0,0.4020464847253346,139690493000.0,48256000.0,5.39,664727857000.0,36653115000.0,167143336000.0,154567568000.0,1139786823000.0,2919131461000.0,0,661648612000.0,978134499000.0,64753607000.0,311146899000.0,54679873000.0,1663271807000.0,259303805000.0,259303805000.0,25930380500.0,1940996962000.0,2919131461000.0,664727857000.0,227815706000.0,98972867000.0,1927451000.0,0,14618457000.0,-64825951000.0,-244251414000.0,-248028725000.0,4557210000.0,74.85416428810214,2.4999999903588,2021-01-01,2021-01-01,2021-03-31,2021,1609430400000000000,20.85,29.130473399058527,32.565947242206235,25.323741007194243,8.11404918011903,9.070971621386803,7.0537157821682355,596.0,679.0,528.0,536.0
2021Q2,2021Q2,372145122000.0,185910987000.0,186234135000.0,40583423000.0,1883434000.0,7826613000.0,30873376000.0,145667205000.0,3723870000.0,149391075000.0,134481716000.0,124280178000.0,0.5004341693346178,14909359000.0,0.3339562193697113,134358942000.0,122774000.0,5.18,747982082000.0,39725757000.0,177475493000.0,170438686000.0,1241104023000.0,3092815189000.0,0,647748947000.0,1098844616000.0,64753836000.0,311146899000.0,48392823000.0,1726322203000.0,259303805000.0,259303805000.0,25930380500.0,1993970573000.0,3092815189000.0,747982082000.0,187439492000.0,101724186000.0,2080972000.0,0,75030682000.0,-64825951000.0,-169750998000.0,-166971104000.0,83254225000.0,76.897081128447,2.4999999903588,2021-04-01,2021-04-01,2021-06-30,2021,1617206400000000000,21.369999999999997,27.69855090252154,28.965839962564345,24.239588207767902,7.697535772497786,8.049720365406817,6.736276493183733,599.0,619.0,518.0,602.0
2021Q3,2021Q3,414670379000.0,201821695000.0,212848684000.0,41649916000.0,1853489000.0,8929793000.0,30866634000.0,171003548000.0,2848091000.0,173851639000.0,156479154000.0,155771830000.0,0.5132960895670824,17372485000.0,0.3756521755319301,156258287000.0,220867000.0,6.03,853811966000.0,41733233000.0,186309080000.0,182233752000.0,1370639169000.0,3332311884000.0,0,655621450000.0,1253991574000.0,64746864000.0,311146899000.0,58594043000.0,1811273605000.0,259303805000.0,259303805000.0,25930380500.0,2078320310000.0,3332311884000.0,853811966000.0,318706207000.0,104901744000.0,2125019000.0,0,-35324719000.0,-64825951000.0,-177020159000.0,-188639870000.0,105829884000.0,80.15001206789078,2.4999999903588,2021-07-01,2021-07-01,2021-09-30,2021,1625068800000000000,22.099999999999998,26.854496606334845,28.86877828054299,24.932126696832583,7.404669814613268,7.960073661119157,6.874609070966544,580.0,638.0,551.0,593.0
2021Q4,2021Q4,438189306000.0,207574289000.0,230615017000.0,47877762000.0,1990438000.0,13648937000.0,32238387000.0,182771954000.0,2047257000.0,184819211000.0,166373515000.0,163695911000.0,0.5262908378690556,18445696000.0,0.3735734961090082,166232291000.0,141224000.0,6.41,1064990192000.0,47285603000.0,197586109000.0,193102321000.0,1607072907000.0,3725503455000.0,0,739503358000.0,1554770250000.0,64761602000.0,311146899000.0,59304212000.0,1906829661000.0,259303805000.0,259303805000.0,25930380500.0,2170733205000.0,3725503455000.0,1064990192000.0,378199317000.0,108588903000.0,2073727000.0,0,82284018000.0,-71308546000.0,-245343292000.0,-235556009000.0,211178226000.0,83.71389710228124,2.749999985538199,2021-10-01,2021-10-01,2021-12-31,2021,1633017600000000000,23.009999999999998,26.01450456323338,27.07518470230335,24.33724467622773,7.150470480052326,7.442014068928383,6.6894508484749515,619.0,623.0,560.0,574.0
2022Q1,2022Q1,491075873000.0,217872707000.0,273203166000.0,48611190000.0,2062623000.0,10500027000.0,36048540000.0,223790118000.0,3041578000.0,226831696000.0,202873374000.0,218284591000.0,0.5563359574784078,23958322000.0,0.4445027805306167,202732975000.0,140399000.0,7.82,1151589646000.0,48653183000.0,212846891000.0,200118682000.0,1722237632000.0,3992676667000.0,0,822867707000.0,1671207913000.0,65215135000.0,311146899000.0,62608515000.0,2038261537000.0,259317675000.0,259317675000.0,25931767500.0,2321468754000.0,3992676667000.0,1151589646000.0,372169688000.0,108934265000.0,2167798000.0,0,-19086188000.0,-71308546000.0,-288073791000.0,-262134719000.0,86599454000.0,89.52219527650786,2.749852897609081,2022-01-01,2022-01-01,2022-03-31,2022,1640966400000000000,25.439999999999998,24.320530098831988,27.044025157232706,21.816037735849058,6.911294833680725,7.685244959364204,6.199579872742927,602.0,688.0,555.0,631.0
